
@book{chang1992reconstruction,
  title={Reconstruction of evolutionary trees from pairwise distributions on current species},
  author={Chang, Joseph T and Hartigan, John A},
  year={1992},
  publisher={Citeseer}
}

@book{steel1995reconstructing,
  title={Reconstructing evolutionary trees from nucleotide pattern probabilities},
  author={Steel, Michael and Hendy, Michael D and Penny, David},
  year={1995},
  publisher={Forschungsschwerpunkt Mathematisierung-Strukturbildungsprozesse, Univ.}
}

@article{molaro2011sperm,
  title={Sperm methylation profiles reveal features of epigenetic inheritance and evolution in primates},
  author={Molaro, Antoine and Hodges, Emily and Fang, Fang and Song, Qiang and McCombie, W Richard and Hannon, Gregory J and Smith, Andrew D},
  journal={Cell},
  volume={146},
  number={6},
  pages={1029--1041},
  year={2011},
  publisher={Elsevier}
}

@article{pupko2000fast,
  title={A fast algorithm for joint reconstruction of ancestral amino acid sequences},
  author={Pupko, Tal and Pe, Itsik and Shamir, Ron and Graur, Dan},
  journal={Molecular Biology and Evolution},
  volume={17},
  number={6},
  pages={890--896},
  year={2000},
  publisher={SMBE}
}


@article{felsenstein1981evolutionary,
  title={Evolutionary trees from {DNA} sequences: a maximum likelihood approach},
  author={Felsenstein, Joseph},
  journal={Journal of Molecular Evolution},
  volume={17},
  number={6},
  pages={368--376},
  year={1981},
  publisher={Springer}
}

@article{capra2014modeling,
  title={Modeling {DNA} methylation dynamics with approaches from phylogenetics},
  author={Capra, John A and Kostka, Dennis},
  journal={Bioinformatics},
  volume={30},
  number={17},
  pages={i408--i414},
  year={2014},
  publisher={Oxford Univ Press}
}


@article{lio1998models,
  title={Models of molecular evolution and phylogeny},
  author={Li{\`o}, Pietro and Goldman, Nick},
  journal={Genome Research},
  volume={8},
  number={12},
  pages={1233--1244},
  year={1998},
  publisher={Cold Spring Harbor Lab}
}


@article{chang1996full,
  title={Full reconstruction of Markov models on evolutionary trees: identifiability and consistency},
  author={Chang, Joseph T},
  journal={Mathematical Biosciences},
  volume={137},
  number={1},
  pages={51--73},
  year={1996},
  publisher={Elsevier}
}





